@online{projectrepo,
    author = "Louren√ßo Soares, Luis Silva",
    title = "Project Repository",
    date = "2021/12/06",
    url = "https://github.com/buu342/FCT-CAD_Project1",
}

@online{multipassblur,
    title = "Learn OpenGL - Bloom",
    url = "https://learnopengl.com/Advanced-Lighting/Bloom",
}